<record><leader>00000cas a22000007a 4500</leader><controlfield tag="001">9277538</controlfield><controlfield tag="008">830304d18231824mauwr ne      0    0eng d</controlfield><datafield ind1=" " ind2=" " tag="010"><subfield code="a">sn 83020159 </subfield></datafield><datafield ind1=" " ind2=" " tag="040"><subfield code="a">NPX</subfield><subfield code="b">eng</subfield><subfield code="c">NPX</subfield><subfield code="d">DLC</subfield><subfield code="d">OCLCF</subfield></datafield><datafield ind1="1" ind2=" " tag="029"><subfield code="a">AU@</subfield><subfield code="b">000025788283</subfield></datafield><datafield ind1=" " ind2=" " tag="042"><subfield code="a">msc</subfield></datafield><datafield ind1=" " ind2=" " tag="043"><subfield code="a">n-us-ma</subfield></datafield><datafield ind1="0" ind2="0" tag="050"><subfield code="a">Newspaper</subfield></datafield><datafield ind1="0" ind2="0" tag="245"><subfield code="a">Nautical intelligencer, and Falmouth and Holmes'-Hole journal.</subfield></datafield><datafield ind1="1" ind2="0" tag="246"><subfield code="a">Nautical intelligencer, and Falmouth and Holmes' Hole  journal</subfield></datafield><datafield ind1="1" ind2="3" tag="246"><subfield code="a">Nautical intelligencer</subfield></datafield><datafield ind1=" " ind2=" " tag="260"><subfield code="a">Falmouth, Mass. :</subfield><subfield code="b">Wm. E.P. Rogers</subfield></datafield><datafield ind1=" " ind2=" " tag="300"><subfield code="a">v. ;</subfield><subfield code="c">47 cm.</subfield></datafield><datafield ind1=" " ind2=" " tag="310"><subfield code="a">Weekly</subfield></datafield><datafield ind1="1" ind2=" " tag="362"><subfield code="a">Began with Nov. 21, 1823 issue; ceased in 1824.</subfield><subfield code="z">Cf. Gregory, W.  Amer. newspapers.</subfield></datafield><datafield ind1=" " ind2=" " tag="500"><subfield code="a">Republican. Cf. Falmouth enterprise, Nov. 24, 1944.</subfield></datafield><datafield ind1=" " ind2=" " tag="500"><subfield code="a">Editor: William E.P. Rogers,&lt;1823-1824&gt;.</subfield></datafield><datafield ind1=" " ind2=" " tag="588"><subfield code="a">Description based on: Nov. 28, 1823.</subfield></datafield><datafield ind1=" " ind2=" " tag="588"><subfield code="a">Latest issue consulted: Apr. 30, 1824.</subfield></datafield><datafield ind1=" " ind2="0" tag="651"><subfield code="a">Falmouth (Mass.)</subfield><subfield code="v">Newspapers.</subfield></datafield><datafield ind1=" " ind2="7" tag="655"><subfield code="a">Newspapers.</subfield><subfield code="2">fast</subfield><subfield code="0">(OCoLC)fst01423814</subfield></datafield><datafield ind1=" " ind2="7" tag="651"><subfield code="a">Massachusetts</subfield><subfield code="z">Falmouth.</subfield><subfield code="2">fast</subfield><subfield code="0">(OCoLC)fst01215358</subfield></datafield><datafield ind1="1" ind2=" " tag="700"><subfield code="a">Rogers, William E. P.,</subfield><subfield code="d">1802-1848.</subfield></datafield><datafield ind1=" " ind2=" " tag="752"><subfield code="a">United States</subfield><subfield code="b">Massachusetts</subfield><subfield code="c">Barnstable</subfield><subfield code="d">Falmouth.</subfield></datafield><datafield ind1="0" ind2="0" tag="785"><subfield code="t">Nautical intelligencer</subfield><subfield code="w">(DLC)sn 86071538</subfield><subfield code="w">(OCoLC)13645057</subfield></datafield></record>